<record><leader>00000cas a22000007a 4500</leader><controlfield tag="001">17498709</controlfield><controlfield tag="008">880218d19421951laudn ne      0    0eng d</controlfield><datafield ind1=" " ind2=" " tag="010"><subfield code="a">sn 88064089 </subfield></datafield><datafield ind1=" " ind2=" " tag="040"><subfield code="a">LNP</subfield><subfield code="b">eng</subfield><subfield code="c">LNP</subfield><subfield code="d">OCLCQ</subfield><subfield code="d">OCLCF</subfield><subfield code="d">OCLCO</subfield></datafield><datafield ind1=" " ind2=" " tag="042"><subfield code="a">msc</subfield></datafield><datafield ind1=" " ind2=" " tag="043"><subfield code="a">n-us-la</subfield></datafield><datafield ind1="0" ind2=" " tag="130"><subfield code="a">North Baton Rouge journal (Baton Rouge, La. : 1942)</subfield></datafield><datafield ind1="1" ind2="0" tag="245"><subfield code="a">North Baton Rouge journal.</subfield></datafield><datafield ind1="3" ind2="0" tag="246"><subfield code="a">Baton Rouge journal</subfield></datafield><datafield ind1=" " ind2=" " tag="260"><subfield code="a">[Baton Rouge, La.] :</subfield><subfield code="b">Rolfe McCollister</subfield></datafield><datafield ind1=" " ind2=" " tag="310"><subfield code="a">Daily (except Sat.),</subfield><subfield code="b">Nov. 14, 1949-Feb. 14, 1951</subfield></datafield><datafield ind1=" " ind2=" " tag="321"><subfield code="a">Weekly,</subfield><subfield code="b">1942-Jan. 20, 1949</subfield></datafield><datafield ind1=" " ind2=" " tag="321"><subfield code="a">Semiweekly,</subfield><subfield code="b">Jan. 25, 1949-Apr. 8, 1949</subfield></datafield><datafield ind1=" " ind2=" " tag="321"><subfield code="a">Three times a week,</subfield><subfield code="b">Apr. 12, 1949-Nov. 12/13, 1949</subfield></datafield><datafield ind1="0" ind2=" " tag="362"><subfield code="a">Vol. 1, no. 11 (Mar. 11, 1942)-v. 10, no. 63 (Feb. 14, 1951).</subfield></datafield><datafield ind1=" " ind2="0" tag="651"><subfield code="a">Baton Rouge (La.)</subfield><subfield code="v">Newspapers.</subfield></datafield><datafield ind1=" " ind2="7" tag="655"><subfield code="a">Newspapers.</subfield><subfield code="2">fast</subfield><subfield code="0">(OCoLC)fst01423814</subfield></datafield><datafield ind1=" " ind2="7" tag="651"><subfield code="a">Louisiana</subfield><subfield code="z">Baton Rouge.</subfield><subfield code="2">fast</subfield><subfield code="0">(OCoLC)fst01205202</subfield></datafield><datafield ind1=" " ind2=" " tag="752"><subfield code="a">United States</subfield><subfield code="b">Louisiana</subfield><subfield code="c">East Baton Rouge</subfield><subfield code="d">Baton Rouge.</subfield></datafield><datafield ind1="0" ind2="0" tag="780"><subfield code="t">Royal reveille</subfield><subfield code="w">(DLC)sn 88064692</subfield></datafield><datafield ind1="0" ind2="0" tag="785"><subfield code="t">Journal (Baton Rouge, La.)</subfield><subfield code="w">(DLC)sn 88064090</subfield></datafield></record>